@article{vanhorn2014,
  title={Human neuroimaging as a “{B}ig {D}ata” science},
  author={Van Horn, John Darrell and Toga, Arthur W},
  journal={Brain imaging and behavior},
  volume={8},
  number={2},
  pages={323--331},
  year={2014},
  publisher={Springer}
}
@article{hcp,
  title={The {WU}-Minn human connectome project: an overview},
  author={Van Essen, David C and Smith, Stephen M and Barch, Deanna M and Behrens, Timothy EJ and Yacoub, Essa and Ugurbil, Kamil and Wu-Minn HCP Consortium and others},
  journal={Neuroimage},
  volume={80},
  pages={62--79},
  year={2013},
  publisher={Elsevier}
}
@article{ukbio,
  title={Multimodal population brain imaging in the UK Biobank prospective epidemiological study},
  author={Miller, Karla L and Alfaro-Almagro, Fidel and Bangerter, Neal K and Thomas, David L and Yacoub, Essa and Xu, Junqian and Bartsch, Andreas J and Jbabdi, Saad and Sotiropoulos, Stamatios N and Andersson, Jesper LR and others},
  journal={Nature neuroscience},
  volume={19},
  number={11},
  pages={1523--1536},
  year={2016},
  publisher={Nature Publishing Group}
}
@article{bigbrain,
  title={{BigBrain}: an ultrahigh-resolution {3D} human brain model},
  author={Amunts, Katrin and Lepage, Claude and Borgeat, Louis and Mohlberg, Hartmut and Dickscheid, Timo and Rousseau, Marc-{\'E}tienne and Bludau, Sebastian and Bazin, Pierre-Louis and Lewis, Lindsay B and Oros-Peusquens, Ana-Maria and others},
  journal={Science},
  volume={340},
  number={6139},
  pages={1472--1475},
  year={2013},
  publisher={American Association for the Advancement of Science}
}
@article{mapreduce,
  title={{M}ap{R}educe: simplified data processing on large clusters},
  author={Dean, Jeffrey and Ghemawat, Sanjay},
  journal={Comm. of the ACM},
  volume={51},
  number={1},
  pages={107--113},
  year={2008},
  publisher={ACM}
}
@article{spark,
  title={Apache {S}park: a unified engine for big data processing},
  author={Zaharia, Matei and Xin, Reynold S and Wendell, Patrick and Das, Tathagata and Armbrust, Michael and Dave, Ankur and Meng, Xiangrui and Rosen, Josh and Venkataraman, Shivaram and Franklin, Michael J and others},
  journal={Comm. of the ACM},
  volume={59},
  number={11},
  pages={56--65},
  year={2016},
  publisher={ACM}
}
@inproceedings{dask,
  title={Dask: Parallel computation with blocked algorithms and task scheduling},
  author={Rocklin, Matthew},
  booktitle={Proc. of the 14th Python in Science Conference},
  number={130-136},
  year={2015},
  organization={Citeseer}
}
@inproceedings{hdfs,
  title={The {H}adoop distributed file system},
  author={Shvachko, Konstantin and Kuang, Hairong and Radia, Sanjay and Chansler, Robert},
  booktitle={Mass storage systems and technologies (MSST), 2010 IEEE 26th symposium on},
  pages={1--10},
  year={2010},
  organization={Ieee}
}
@phdthesis{alluxio,
  title={Alluxio: A virtual distributed file system},
  author={Li, Haoyuan},
  year={2018},
  school={{UC} {B}erkeley}
}
@article{kira,
  title={Kira: {P}rocessing astronomy imagery using big data technology},
  author={Zhang, Zhao and Barbary, Kyle and Nothaft, Frank A and Sparks, Evan R and Zahn, Oliver and Franklin, Michael J and Patterson, David A and Perlmutter, Saul},
  journal={{IEEE} {T}ransactions on {B}ig {D}ata},
  year={2016},
  publisher={IEEE}
}
@article{thunder,
  title={Mapping brain activity at scale with cluster computing},
  author={Freeman, Jeremy and Vladimirov, Nikita and Kawashima, Takashi and Mu, Yu and Sofroniew, Nicholas J and Bennett, Davis V and Rosen, Joshua and Yang, Chao-Tsung and Looger, Loren L and Ahrens, Misha B},
  journal={Nature methods},
  volume={11},
  number={9},
  pages={941},
  year={2014},
  publisher={Nature Publishing Group}
}
@article{mehta2017,
  title={Comparative evaluation of {B}ig-{D}ata systems on scientific image analytics workloads},
  author={Mehta, Parmita and Dorkenwald, Sven and Zhao, Dongfang and Kaftan, Tomer and Cheung, Alvin and Balazinska, Magdalena and Rokem, Ariel and Connolly, Andrew and Vanderplas, Jacob and AlSayyad, Yusra},
  journal={Proc. of the VLDB Endowment},
  volume={10},
  number={11},
  pages={1226--1237},
  year={2017},
  publisher={VLDB Endowment}
}
@article{fsl,
  title={Fsl},
  author={Jenkinson, Mark and Beckmann, Christian F and Behrens, Timothy EJ and Woolrich, Mark W and Smith, Stephen M},
  journal={Neuroimage},
  volume={62},
  number={2},
  pages={782--790},
  year={2012},
  publisher={Elsevier}
}
@article{ants,
  title={Advanced normalization tools ({ANTS})},
  author={Avants, Brian B and Tustison, Nick and Song, Gang},
  journal={Insight j},
  volume={2},
  pages={1--35},
  year={2009}
}
@article{freesurfer,
  title={FreeSurfer},
  author={Fischl, Bruce},
  journal={Neuroimage},
  volume={62},
  number={2},
  pages={774--781},
  year={2012},
  publisher={Elsevier}
}
@article{nipype,
	Author = {Gorgolewski, Krzysztof and Burns, Christopher and Madison, Cindee and Clark, Dav and Halchenko, Yaroslav and Waskom, Michael and Ghosh, Satrajit},
	Date-Added = {2018-10-07 07:21:48 +0900},
	Date-Modified = {2018-10-08 03:56:16 +0900},
	Doi = {10.3389/fninf.2011.00013},
	Issn = {1662-5196},
	Journal = {Frontiers in Neuroinformatics},
	Pages = {13},
	Title = {Nipype: A Flexible, Lightweight and Extensible Neuroimaging Data Processing Framework in Python},
	Url = {https://www.frontiersin.org/article/10.3389/fninf.2011.00013},
	Volume = {5},
	Year = {2011},
	Bdsk-Url-1 = {https://www.frontiersin.org/article/10.3389/fninf.2011.00013},
	Bdsk-Url-2 = {https://doi.org/10.3389/fninf.2011.00013},
	Bdsk-File-1 = {YnBsaXN0MDDUAQIDBAUGJCVYJHZlcnNpb25YJG9iamVjdHNZJGFyY2hpdmVyVCR0b3ASAAGGoKgHCBMUFRYaIVUkbnVsbNMJCgsMDxJXTlMua2V5c1pOUy5vYmplY3RzViRjbGFzc6INDoACgAOiEBGABIAFgAdccmVsYXRpdmVQYXRoWWFsaWFzRGF0YV8QIC4uLy4uLy4uL0Rvd25sb2Fkcy8yMjI4MzAxLTEuYmli0hcLGBlXTlMuZGF0YU8RAXYAAAAAAXYAAgAADE1hY2ludG9zaCBIRAAAAAAAAAAAAAAAAAAAANUt139IKwAAAAmn9g0yMjI4MzAxLTEuYmliAAAAAAAAAAAAAAAAAAAAAAAAAAAAAAAAAAAAAAAAAAAAAAAAAAAAAAAAAAAAAAAAAAAAw+Ov1+FcIQAAAAAAAAAAAAMAAgAACSAAAAAAAAAAAAAAAAAAAAAJRG93bmxvYWRzAAAQAAgAANUtWO8AAAARAAgAANfg3ZEAAAABAAwACaf2AAmn8wAGaAwAAgAxTWFjaW50b3NoIEhEOlVzZXJzOgB2aHM6AERvd25sb2FkczoAMjIyODMwMS0xLmJpYgAADgAcAA0AMgAyADIAOAAzADAAMQAtADEALgBiAGkAYgAPABoADABNAGEAYwBpAG4AdABvAHMAaAAgAEgARAASACFVc2Vycy92aHMvRG93bmxvYWRzLzIyMjgzMDEtMS5iaWIAABMAAS8AABUAAgAK//8AAIAG0hscHR5aJGNsYXNzbmFtZVgkY2xhc3Nlc11OU011dGFibGVEYXRhox0fIFZOU0RhdGFYTlNPYmplY3TSGxwiI1xOU0RpY3Rpb25hcnmiIiBfEA9OU0tleWVkQXJjaGl2ZXLRJidUcm9vdIABAAgAEQAaACMALQAyADcAQABGAE0AVQBgAGcAagBsAG4AcQBzAHUAdwCEAI4AsQC2AL4COAI6Aj8CSgJTAmECZQJsAnUCegKHAooCnAKfAqQAAAAAAAACAQAAAAAAAAAoAAAAAAAAAAAAAAAAAAACpg==}
}
@article{pegasus,
	Author = {Ewa Deelman and Karan Vahi and Gideon Juve and Mats Rynge and Scott Callaghan and Philip J. Maechling and Rajiv Mayani and Weiwei Chen and Rafael Ferreira da Silva and Miron Livny and Kent Wenger},
	Date-Added = {2018-10-07 07:39:42 +0900},
	Date-Modified = {2018-10-07 07:39:42 +0900},
	Doi = {https://doi.org/10.1016/j.future.2014.10.008},
	Issn = {0167-739X},
	Journal = {Future Generation Computer Systems},
	Keywords = {Scientific workflows, Workflow management system, Pegasus},
	Pages = {17 - 35},
	Title = {Pegasus, a workflow management system for science automation},
	Url = {http://www.sciencedirect.com/science/article/pii/S0167739X14002015},
	Volume = {46},
	Year = {2015},
	Bdsk-Url-1 = {http://www.sciencedirect.com/science/article/pii/S0167739X14002015},
	Bdsk-Url-2 = {https://doi.org/10.1016/j.future.2014.10.008}
}
@article{nextflow,
	Author = {Di Tommaso, Paolo and Chatzou, Maria and Floden, Evan W and Barja, Pablo Prieto and Palumbo, Emilio and Notredame, Cedric},
	Date = {2017/04/11/online},
	Date-Added = {2018-10-07 09:51:12 +0900},
	Date-Modified = {2018-10-07 09:51:12 +0900},
	Day = {11},
	Journal = {Nature {B}iotechnology},
	L3 = {10.1038/nbt.3820; https://www.nature.com/articles/nbt.3820#supplementary-information},
	Month = {04},
	Pages = {316 EP  -},
	Publisher = {Nature Publishing Group, a division of Macmillan Publishers Limited. All Rights Reserved. SN  -},
	Title = {Nextflow enables reproducible computational workflows},
	Ty = {JOUR},
	Url = {http://dx.doi.org/10.1038/nbt.3820},
	Volume = {35},
	Year = {2017},
	Bdsk-Url-1 = {http://dx.doi.org/10.1038/nbt.3820},
	Bdsk-File-1 = {YnBsaXN0MDDUAQIDBAUGJCVYJHZlcnNpb25YJG9iamVjdHNZJGFyY2hpdmVyVCR0b3ASAAGGoKgHCBMUFRYaIVUkbnVsbNMJCgsMDxJXTlMua2V5c1pOUy5vYmplY3RzViRjbGFzc6INDoACgAOiEBGABIAFgAdccmVsYXRpdmVQYXRoWWFsaWFzRGF0YV8QNS4uLy4uLy4uL0Rvd25sb2Fkcy8xMC4xMzcxJTJGam91cm5hbC5wb25lLjAxNzc0NTkuYmli0hcLGBlXTlMuZGF0YU8RAcYAAAAAAcYAAgAADE1hY2ludG9zaCBIRAAAAAAAAAAAAAAAAAAAANUt139IKwAAAAmn9h8xMC4xMzcxJTJGam91cm5hbC5wbyNDM0FFMjAuYmliAAAAAAAAAAAAAAAAAAAAAAAAAAAAAAAAAAAAAAAAAAAAw64g1+B9IQAAAAAAAAAAAAMAAgAACSAAAAAAAAAAAAAAAAAAAAAJRG93bmxvYWRzAAAQAAgAANUtWO8AAAARAAgAANff/pEAAAABAAwACaf2AAmn8wAGaAwAAgBDTWFjaW50b3NoIEhEOlVzZXJzOgB2aHM6AERvd25sb2FkczoAMTAuMTM3MSUyRmpvdXJuYWwucG8jQzNBRTIwLmJpYgAADgBGACIAMQAwAC4AMQAzADcAMQAlADIARgBqAG8AdQByAG4AYQBsAC4AcABvAG4AZQAuADAAMQA3ADcANAA1ADkALgBiAGkAYgAPABoADABNAGEAYwBpAG4AdABvAHMAaAAgAEgARAASADZVc2Vycy92aHMvRG93bmxvYWRzLzEwLjEzNzElMkZqb3VybmFsLnBvbmUuMDE3NzQ1OS5iaWIAEwABLwAAFQACAAr//wAAgAbSGxwdHlokY2xhc3NuYW1lWCRjbGFzc2VzXU5TTXV0YWJsZURhdGGjHR8gVk5TRGF0YVhOU09iamVjdNIbHCIjXE5TRGljdGlvbmFyeaIiIF8QD05TS2V5ZWRBcmNoaXZlctEmJ1Ryb290gAEACAARABoAIwAtADIANwBAAEYATQBVAGAAZwBqAGwAbgBxAHMAdQB3AIQAjgDGAMsA0wKdAp8CpAKvArgCxgLKAtEC2gLfAuwC7wMBAwQDCQAAAAAAAAIBAAAAAAAAACgAAAAAAAAAAAAAAAAAAAML},
	Bdsk-File-2 = {YnBsaXN0MDDUAQIDBAUGJCVYJHZlcnNpb25YJG9iamVjdHNZJGFyY2hpdmVyVCR0b3ASAAGGoKgHCBMUFRYaIVUkbnVsbNMJCgsMDxJXTlMua2V5c1pOUy5vYmplY3RzViRjbGFzc6INDoACgAOiEBGABIAFgAdccmVsYXRpdmVQYXRoWWFsaWFzRGF0YV8QNS4uLy4uLy4uL0Rvd25sb2Fkcy8xMC4xMzcxJTJGam91cm5hbC5wb25lLjAxNzc0NTkuYmli0hcLGBlXTlMuZGF0YU8RAcYAAAAAAcYAAgAADE1hY2ludG9zaCBIRAAAAAAAAAAAAAAAAAAAANUt139IKwAAAAmn9h8xMC4xMzcxJTJGam91cm5hbC5wbyNDM0FFMjAuYmliAAAAAAAAAAAAAAAAAAAAAAAAAAAAAAAAAAAAAAAAAAAAw64g1+B9IQAAAAAAAAAAAAMAAgAACSAAAAAAAAAAAAAAAAAAAAAJRG93bmxvYWRzAAAQAAgAANUtWO8AAAARAAgAANff/pEAAAABAAwACaf2AAmn8wAGaAwAAgBDTWFjaW50b3NoIEhEOlVzZXJzOgB2aHM6AERvd25sb2FkczoAMTAuMTM3MSUyRmpvdXJuYWwucG8jQzNBRTIwLmJpYgAADgBGACIAMQAwAC4AMQAzADcAMQAlADIARgBqAG8AdQByAG4AYQBsAC4AcABvAG4AZQAuADAAMQA3ADcANAA1ADkALgBiAGkAYgAPABoADABNAGEAYwBpAG4AdABvAHMAaAAgAEgARAASADZVc2Vycy92aHMvRG93bmxvYWRzLzEwLjEzNzElMkZqb3VybmFsLnBvbmUuMDE3NzQ1OS5iaWIAEwABLwAAFQACAAr//wAAgAbSGxwdHlokY2xhc3NuYW1lWCRjbGFzc2VzXU5TTXV0YWJsZURhdGGjHR8gVk5TRGF0YVhOU09iamVjdNIbHCIjXE5TRGljdGlvbmFyeaIiIF8QD05TS2V5ZWRBcmNoaXZlctEmJ1Ryb290gAEACAARABoAIwAtADIANwBAAEYATQBVAGAAZwBqAGwAbgBxAHMAdQB3AIQAjgDGAMsA0wKdAp8CpAKvArgCxgLKAtEC2gLfAuwC7wMBAwQDCQAAAAAAAAIBAAAAAAAAACgAAAAAAAAAAAAAAAAAAAML}
}
@article{taverna,
	Author = {Oinn, Tom and Addis, Matthew and Ferris, Justin and Marvin, Darren and Senger, Martin and Greenwood, Mark and Carver, Tim and Glover, Kevin and Pocock, Matthew R. and Wipat, Anil and Li, Peter},
	Date-Added = {2018-10-07 09:44:47 +0900},
	Date-Modified = {2018-10-07 09:44:47 +0900},
	Doi = {10.1093/bioinformatics/bth361},
	Eprint = {/oup/backfile/content_public/journal/bioinformatics/20/17/10.1093/bioinformatics/bth361/2/bth361.pdf},
	Journal = {Bioinformatics},
	Number = {17},
	Pages = {3045-3054},
	Title = {Taverna: a tool for the composition and enactment of bioinformatics workflows},
	Url = {http://dx.doi.org/10.1093/bioinformatics/bth361},
	Volume = {20},
	Year = {2004},
	Bdsk-Url-1 = {http://dx.doi.org/10.1093/bioinformatics/bth361},
	Bdsk-File-1 = {YnBsaXN0MDDUAQIDBAUGJCVYJHZlcnNpb25YJG9iamVjdHNZJGFyY2hpdmVyVCR0b3ASAAGGoKgHCBMUFRYaIVUkbnVsbNMJCgsMDxJXTlMua2V5c1pOUy5vYmplY3RzViRjbGFzc6INDoACgAOiEBGABIAFgAdccmVsYXRpdmVQYXRoWWFsaWFzRGF0YV8QHi4uLy4uLy4uLy5UcmFzaC9iYWtlcnJlcHJvLmJpYtIXCxgZV05TLmRhdGFPEQFwAAAAAAFwAAIAAAxNYWNpbnRvc2ggSEQAAAAAAAAAAAAAAAAAAADVLdd/SCsAAAC4nBcOYmFrZXJyZXByby5iaWIAAAAAAAAAAAAAAAAAAAAAAAAAAAAAAAAAAAAAAAAAAAAAAAAAAAAAAAAAAAAAAAAAAMOwZtfgfywAAAAAAAAAAAADAAIAAAkgAAAAAAAAAAAAAAAAAAAABi5UcmFzaAAQAAgAANUtWO8AAAARAAgAANfgAJwAAAABAAwAuJwXAAmn8wAGaAwAAgAvTWFjaW50b3NoIEhEOlVzZXJzOgB2aHM6AC5UcmFzaDoAYmFrZXJyZXByby5iaWIAAA4AHgAOAGIAYQBrAGUAcgByAGUAcAByAG8ALgBiAGkAYgAPABoADABNAGEAYwBpAG4AdABvAHMAaAAgAEgARAASAB9Vc2Vycy92aHMvLlRyYXNoL2Jha2VycmVwcm8uYmliAAATAAEvAAAVAAIACv//AACABtIbHB0eWiRjbGFzc25hbWVYJGNsYXNzZXNdTlNNdXRhYmxlRGF0YaMdHyBWTlNEYXRhWE5TT2JqZWN00hscIiNcTlNEaWN0aW9uYXJ5oiIgXxAPTlNLZXllZEFyY2hpdmVy0SYnVHJvb3SAAQAIABEAGgAjAC0AMgA3AEAARgBNAFUAYABnAGoAbABuAHEAcwB1AHcAhACOAK8AtAC8AjACMgI3AkICSwJZAl0CZAJtAnICfwKCApQClwKcAAAAAAAAAgEAAAAAAAAAKAAAAAAAAAAAAAAAAAAAAp4=}
}
@inproceedings{slurm,
	Author = {Yoo, Andy B and Jette, Morris A and Grondona, Mark},
	Booktitle = {{W}orkshop on {J}ob {S}cheduling {S}trategies for {P}arallel {P}rocessing},
	Date-Added = {2018-10-07 08:43:24 +0900},
	Date-Modified = {2018-10-07 08:43:24 +0900},
	Organization = {Springer},
	Pages = {44--60},
	Title = {Slurm: {S}imple linux utility for resource management},
	Year = {2003}
}
@inproceedings{pbs,
  title={Job scheduling under the portable batch system},
  author={Henderson, Robert L},
  booktitle={Workshop on Job Scheduling Strategies for Parallel Processing},
  pages={279--294},
  year={1995},
  organization={Springer}
}
@article{condor,
  title={Distributed computing in practice: the {C}ondor experience},
  author={Thain, Douglas and Tannenbaum, Todd and Livny, Miron},
  journal={Concurrency and computation: practice and experience},
  volume={17},
  number={2-4},
  pages={323--356},
  year={2005},
  publisher={Wiley Online Library}
}
@inproceedings{dirac,
  title={{DIRAC} pilot framework and the {DIRAC} Workload Management System},
  author={Casajus, Adrian and Graciani, Ricardo and Paterson, Stuart and Tsaregorodtsev, Andrei and others},
  booktitle={Journal of Physics: Conference Series},
  volume={219},
  number={6},
  pages={062049},
  year={2010},
  organization={IOP Publishing}
}
@article{lustre,
  title={Understanding lustre filesystem internals},
  author={Wang, Feiyi and Oral, Sarp and Shipman, Galen and Drokin, Oleg and Wang, Tom and Huang, Isaac},
  journal={Oak Ridge National Laboratory, National Center for Computational Sciences, Tech. Rep},
  year={2009}
}
@article{infiniband,
  title={An introduction to the {I}nfini{B}and architecture},
  author={Pfister, Gregory F},
  journal={High performance mass storage and parallel I/O},
  volume={42},
  number={617-632},
  pages={102},
  year={2001}
}
@inproceedings{pagecache,
  title={{P}age {R}eplacement in {L}inux 2.4 {M}emory {M}anagement.},
  author={Van Riel, Rik},
  booktitle={{USENIX} {A}nnual {T}echnical {C}onference, {FREENIX} {T}rack},
  pages={165--172},
  year={2001}
}
@inproceedings{tofuse,
  title={To $\{$FUSE$\}$ or Not to $\{$FUSE$\}$: Performance of User-Space File Systems},
  author={Vangoor, Bharath Kumar Reddy and Tarasov, Vasily and Zadok, Erez},
  booktitle={15th $\{$USENIX$\}$ Conference on File and Storage Technologies ($\{$FAST$\}$ 17)},
  pages={59--72},
  year={2017}
}

@article{xtreemfs,
  title={The {X}treem{FS} {A}rchitecture},
  author={Cesario, Eugenio and Cortes, Toni and Focht, Erich and Hess, Matthias and Hupfeld, Felix and Kolbeck, Bj{\"o}rn and Malo, Jes{\'u}s and Mart{\'\i}, Jonathan and Stender, Jan},
  journal={Linux {T}ag},
  year={2007}
}

@article{quinson,
  title={Real-time online emulation of real applications on SimGrid with Simterpose},
  author={Bessad, Louisa and Quinson, Martin and Monnet, S{\'e}bastien},
  year={2015}
}
@misc{optane,
    author={Intel Corporation},
    title={Technology Brief: Intel Optane Technology}
}
@article{corr,
  title={An open science resource for establishing reliability and reproducibility in functional connectomics},
  author={Zuo, Xi-Nian and Anderson, Jeffrey S and Bellec, Pierre and Birn, Rasmus M and Biswal, Bharat B and Blautzik, Janusch and Breitner, John CS and Buckner, Randy L and Calhoun, Vince D and Castellanos, F Xavier and others},
  journal={Scientific data},
  volume={1},
  pages={140049},
  year={2014},
  publisher={Nature Publishing Group}
}
@article{openneuro,
  title={OpenNeuro—a free online platform for sharing and analysis of neuroimaging data},
  author={Gorgolewski, Krzysztof and Esteban, Oscar and Schaefer, Gunnar and Wandell, Brian and Poldrack, Russell},
  journal={Organization for Human Brain Mapping. Vancouver, Canada},
  volume={1677},
  year={2017}
}






